@article{example_2022,
	title = {Reference Title},
	volume = {0},
	number = {0},
	journal = {Journal of Examples},
	author = {Author, Example},
	year = {2022},
	pages = {1--10},
}
